%YAML 1.1
%TAG !u! tag:unity3d.com,2011:
--- !u!1 &9197597779775363744
GameObject:
  m_ObjectHideFlags: 0
  m_CorrespondingSourceObject: {fileID: 0}
  m_PrefabInstance: {fileID: 0}
  m_PrefabAsset: {fileID: 0}
  serializedVersion: 6
  m_Component:
  - component: {fileID: 9197597779775363759}
  - component: {fileID: 9197597779775363757}
  - component: {fileID: 9197597779775363758}
  m_Layer: 5
  m_Name: Panel
  m_TagString: Untagged
  m_Icon: {fileID: 0}
  m_NavMeshLayer: 0
  m_StaticEditorFlags: 0
  m_IsActive: 1
--- !u!224 &9197597779775363759
RectTransform:
  m_ObjectHideFlags: 0
  m_CorrespondingSourceObject: {fileID: 0}
  m_PrefabInstance: {fileID: 0}
  m_PrefabAsset: {fileID: 0}
  m_GameObject: {fileID: 9197597779775363744}
  m_LocalRotation: {x: 0, y: 0, z: 0, w: 1}
  m_LocalPosition: {x: 0, y: 0, z: 0}
  m_LocalScale: {x: 1, y: 1, z: 1}
  m_Children:
  - {fileID: 9197597780928495184}
  - {fileID: 8834337099229092888}
  - {fileID: 8834337099150500024}
  - {fileID: 8834337100160298120}
  m_Father: {fileID: 9197597780239572181}
  m_RootOrder: 0
  m_LocalEulerAnglesHint: {x: 0, y: 0, z: 0}
  m_AnchorMin: {x: 0.5, y: 0.5}
  m_AnchorMax: {x: 0.5, y: 0.5}
  m_AnchoredPosition: {x: 0, y: 0}
  m_SizeDelta: {x: 500, y: 400}
  m_Pivot: {x: 0.5, y: 0.5}
--- !u!222 &9197597779775363757
CanvasRenderer:
  m_ObjectHideFlags: 0
  m_CorrespondingSourceObject: {fileID: 0}
  m_PrefabInstance: {fileID: 0}
  m_PrefabAsset: {fileID: 0}
  m_GameObject: {fileID: 9197597779775363744}
  m_CullTransparentMesh: 0
--- !u!114 &9197597779775363758
MonoBehaviour:
  m_ObjectHideFlags: 0
  m_CorrespondingSourceObject: {fileID: 0}
  m_PrefabInstance: {fileID: 0}
  m_PrefabAsset: {fileID: 0}
  m_GameObject: {fileID: 9197597779775363744}
  m_Enabled: 1
  m_EditorHideFlags: 0
  m_Script: {fileID: 11500000, guid: fe87c0e1cc204ed48ad3b37840f39efc, type: 3}
  m_Name: 
  m_EditorClassIdentifier: 
  m_Material: {fileID: 0}
  m_Color: {r: 1, g: 1, b: 1, a: 0}
  m_RaycastTarget: 1
  m_OnCullStateChanged:
    m_PersistentCalls:
      m_Calls: []
  m_Sprite: {fileID: -8836103925791560964, guid: 7abe7c5def5f16545acab6d51e5b5b1c,
    type: 3}
  m_Type: 1
  m_PreserveAspect: 0
  m_FillCenter: 1
  m_FillMethod: 4
  m_FillAmount: 1
  m_FillClockwise: 1
  m_FillOrigin: 0
  m_UseSpriteMesh: 0
  m_PixelsPerUnitMultiplier: 1
--- !u!1 &9197597780239572182
GameObject:
  m_ObjectHideFlags: 0
  m_CorrespondingSourceObject: {fileID: 0}
  m_PrefabInstance: {fileID: 0}
  m_PrefabAsset: {fileID: 0}
  serializedVersion: 6
  m_Component:
  - component: {fileID: 9197597780239572181}
  - component: {fileID: 9197597780239572179}
  - component: {fileID: 9197597780239572180}
  m_Layer: 5
  m_Name: PopupPause
  m_TagString: Untagged
  m_Icon: {fileID: 0}
  m_NavMeshLayer: 0
  m_StaticEditorFlags: 0
  m_IsActive: 0
--- !u!224 &9197597780239572181
RectTransform:
  m_ObjectHideFlags: 0
  m_CorrespondingSourceObject: {fileID: 0}
  m_PrefabInstance: {fileID: 0}
  m_PrefabAsset: {fileID: 0}
  m_GameObject: {fileID: 9197597780239572182}
  m_LocalRotation: {x: 0, y: 0, z: 0, w: 1}
  m_LocalPosition: {x: 0, y: 0, z: 0}
  m_LocalScale: {x: 1, y: 1, z: 1}
  m_Children:
  - {fileID: 9197597779775363759}
  m_Father: {fileID: 0}
  m_RootOrder: 0
  m_LocalEulerAnglesHint: {x: 0, y: 0, z: 0}
  m_AnchorMin: {x: 0, y: 0}
  m_AnchorMax: {x: 1, y: 1}
  m_AnchoredPosition: {x: 0, y: 0}
  m_SizeDelta: {x: 0, y: 0}
  m_Pivot: {x: 0.5, y: 0.5}
--- !u!222 &9197597780239572179
CanvasRenderer:
  m_ObjectHideFlags: 0
  m_CorrespondingSourceObject: {fileID: 0}
  m_PrefabInstance: {fileID: 0}
  m_PrefabAsset: {fileID: 0}
  m_GameObject: {fileID: 9197597780239572182}
  m_CullTransparentMesh: 0
--- !u!114 &9197597780239572180
MonoBehaviour:
  m_ObjectHideFlags: 0
  m_CorrespondingSourceObject: {fileID: 0}
  m_PrefabInstance: {fileID: 0}
  m_PrefabAsset: {fileID: 0}
  m_GameObject: {fileID: 9197597780239572182}
  m_Enabled: 1
  m_EditorHideFlags: 0
  m_Script: {fileID: 11500000, guid: fe87c0e1cc204ed48ad3b37840f39efc, type: 3}
  m_Name: 
  m_EditorClassIdentifier: 
  m_Material: {fileID: 0}
  m_Color: {r: 0, g: 0, b: 0, a: 0.69803923}
  m_RaycastTarget: 1
  m_OnCullStateChanged:
    m_PersistentCalls:
      m_Calls: []
  m_Sprite: {fileID: 0}
  m_Type: 0
  m_PreserveAspect: 0
  m_FillCenter: 1
  m_FillMethod: 4
  m_FillAmount: 1
  m_FillClockwise: 1
  m_FillOrigin: 0
  m_UseSpriteMesh: 0
  m_PixelsPerUnitMultiplier: 1
--- !u!1 &9197597780364384123
GameObject:
  m_ObjectHideFlags: 0
  m_CorrespondingSourceObject: {fileID: 0}
  m_PrefabInstance: {fileID: 0}
  m_PrefabAsset: {fileID: 0}
  serializedVersion: 6
  m_Component:
  - component: {fileID: 9197597780364384122}
  - component: {fileID: 9197597780364384120}
  - component: {fileID: 9197597780364384121}
  m_Layer: 5
  m_Name: Line
  m_TagString: Untagged
  m_Icon: {fileID: 0}
  m_NavMeshLayer: 0
  m_StaticEditorFlags: 0
  m_IsActive: 1
--- !u!224 &9197597780364384122
RectTransform:
  m_ObjectHideFlags: 0
  m_CorrespondingSourceObject: {fileID: 0}
  m_PrefabInstance: {fileID: 0}
  m_PrefabAsset: {fileID: 0}
  m_GameObject: {fileID: 9197597780364384123}
  m_LocalRotation: {x: -0, y: -0, z: -0, w: 1}
  m_LocalPosition: {x: 0, y: 0, z: 0}
  m_LocalScale: {x: 1, y: 1, z: 1}
  m_Children: []
  m_Father: {fileID: 9197597780928495184}
  m_RootOrder: 0
  m_LocalEulerAnglesHint: {x: 0, y: 0, z: 0}
  m_AnchorMin: {x: 0.5, y: 0}
  m_AnchorMax: {x: 0.5, y: 0}
  m_AnchoredPosition: {x: 0, y: -10}
  m_SizeDelta: {x: 200, y: 5}
  m_Pivot: {x: 0.5, y: 0}
--- !u!222 &9197597780364384120
CanvasRenderer:
  m_ObjectHideFlags: 0
  m_CorrespondingSourceObject: {fileID: 0}
  m_PrefabInstance: {fileID: 0}
  m_PrefabAsset: {fileID: 0}
  m_GameObject: {fileID: 9197597780364384123}
  m_CullTransparentMesh: 0
--- !u!114 &9197597780364384121
MonoBehaviour:
  m_ObjectHideFlags: 0
  m_CorrespondingSourceObject: {fileID: 0}
  m_PrefabInstance: {fileID: 0}
  m_PrefabAsset: {fileID: 0}
  m_GameObject: {fileID: 9197597780364384123}
  m_Enabled: 1
  m_EditorHideFlags: 0
  m_Script: {fileID: 11500000, guid: 1344c3c82d62a2a41a3576d8abb8e3ea, type: 3}
  m_Name: 
  m_EditorClassIdentifier: 
  m_Material: {fileID: 0}
  m_Color: {r: 0.9056604, g: 0.9056604, b: 0.9056604, a: 1}
  m_RaycastTarget: 1
  m_OnCullStateChanged:
    m_PersistentCalls:
      m_Calls: []
  m_Texture: {fileID: 0}
  m_UVRect:
    serializedVersion: 2
    x: 0
    y: 0
    width: 1
    height: 1
--- !u!1 &9197597780928495185
GameObject:
  m_ObjectHideFlags: 0
  m_CorrespondingSourceObject: {fileID: 0}
  m_PrefabInstance: {fileID: 0}
  m_PrefabAsset: {fileID: 0}
  serializedVersion: 6
  m_Component:
  - component: {fileID: 9197597780928495184}
  - component: {fileID: 9197597780928495198}
  - component: {fileID: 9197597780928495199}
  m_Layer: 5
  m_Name: Title
  m_TagString: Untagged
  m_Icon: {fileID: 0}
  m_NavMeshLayer: 0
  m_StaticEditorFlags: 0
  m_IsActive: 1
--- !u!224 &9197597780928495184
RectTransform:
  m_ObjectHideFlags: 0
  m_CorrespondingSourceObject: {fileID: 0}
  m_PrefabInstance: {fileID: 0}
  m_PrefabAsset: {fileID: 0}
  m_GameObject: {fileID: 9197597780928495185}
  m_LocalRotation: {x: -0, y: -0, z: -0, w: 1}
  m_LocalPosition: {x: 0, y: 0, z: 0}
  m_LocalScale: {x: 1, y: 1, z: 1}
  m_Children:
  - {fileID: 9197597780364384122}
  m_Father: {fileID: 9197597779775363759}
  m_RootOrder: 0
  m_LocalEulerAnglesHint: {x: 0, y: 0, z: 0}
  m_AnchorMin: {x: 0.5, y: 1}
  m_AnchorMax: {x: 0.5, y: 1}
  m_AnchoredPosition: {x: 0, y: 200}
  m_SizeDelta: {x: 400, y: 70}
  m_Pivot: {x: 0.5, y: 1}
--- !u!222 &9197597780928495198
CanvasRenderer:
  m_ObjectHideFlags: 0
  m_CorrespondingSourceObject: {fileID: 0}
  m_PrefabInstance: {fileID: 0}
  m_PrefabAsset: {fileID: 0}
  m_GameObject: {fileID: 9197597780928495185}
  m_CullTransparentMesh: 0
--- !u!114 &9197597780928495199
MonoBehaviour:
  m_ObjectHideFlags: 0
  m_CorrespondingSourceObject: {fileID: 0}
  m_PrefabInstance: {fileID: 0}
  m_PrefabAsset: {fileID: 0}
  m_GameObject: {fileID: 9197597780928495185}
  m_Enabled: 1
  m_EditorHideFlags: 0
  m_Script: {fileID: 11500000, guid: f4688fdb7df04437aeb418b961361dc5, type: 3}
  m_Name: 
  m_EditorClassIdentifier: 
  m_Material: {fileID: 0}
  m_Color: {r: 1, g: 1, b: 1, a: 1}
  m_RaycastTarget: 1
  m_OnCullStateChanged:
    m_PersistentCalls:
      m_Calls: []
  m_text: PAUSED
  m_isRightToLeft: 0
  m_fontAsset: {fileID: 11400000, guid: 8f586378b4e144a9851e7b34d9b748ee, type: 2}
  m_sharedMaterial: {fileID: 2180264, guid: 8f586378b4e144a9851e7b34d9b748ee, type: 2}
  m_fontSharedMaterials: []
  m_fontMaterial: {fileID: 0}
  m_fontMaterials: []
  m_fontColor32:
    serializedVersion: 2
    rgba: 4293848814
  m_fontColor: {r: 0.9339623, g: 0.9339623, b: 0.9339623, a: 1}
  m_enableVertexGradient: 0
  m_colorMode: 3
  m_fontColorGradient:
    topLeft: {r: 1, g: 1, b: 1, a: 1}
    topRight: {r: 1, g: 1, b: 1, a: 1}
    bottomLeft: {r: 1, g: 1, b: 1, a: 1}
    bottomRight: {r: 1, g: 1, b: 1, a: 1}
  m_fontColorGradientPreset: {fileID: 0}
  m_spriteAsset: {fileID: 0}
  m_tintAllSprites: 0
  m_overrideHtmlColors: 0
  m_faceColor:
    serializedVersion: 2
    rgba: 4294967295
  m_outlineColor:
    serializedVersion: 2
    rgba: 4278190080
  m_fontSize: 62.65
  m_fontSizeBase: 36
  m_fontWeight: 400
  m_enableAutoSizing: 1
  m_fontSizeMin: 18
  m_fontSizeMax: 72
  m_fontStyle: 1
  m_textAlignment: 258
  m_characterSpacing: 0
  m_wordSpacing: 0
  m_lineSpacing: 0
  m_lineSpacingMax: 0
  m_paragraphSpacing: 0
  m_charWidthMaxAdj: 0
  m_enableWordWrapping: 1
  m_wordWrappingRatios: 0.4
  m_overflowMode: 0
  m_firstOverflowCharacterIndex: -1
  m_linkedTextComponent: {fileID: 0}
  m_isLinkedTextComponent: 0
  m_isTextTruncated: 0
  m_enableKerning: 1
  m_enableExtraPadding: 0
  checkPaddingRequired: 0
  m_isRichText: 1
  m_parseCtrlCharacters: 1
  m_isOrthographic: 1
  m_isCullingEnabled: 0
  m_ignoreRectMaskCulling: 0
  m_ignoreCulling: 1
  m_horizontalMapping: 0
  m_verticalMapping: 0
  m_uvLineOffset: 0
  m_geometrySortingOrder: 0
  m_VertexBufferAutoSizeReduction: 1
  m_firstVisibleCharacter: 0
  m_useMaxVisibleDescender: 1
  m_pageToDisplay: 1
  m_margin: {x: 0, y: 0, z: 0, w: 0}
  m_textInfo:
    textComponent: {fileID: 9197597780928495199}
    characterCount: 6
    spriteCount: 0
    spaceCount: 0
    wordCount: 1
    linkCount: 0
    lineCount: 1
    pageCount: 1
    materialCount: 1
  m_isUsingLegacyAnimationComponent: 0
  m_isVolumetricText: 0
  m_spriteAnimator: {fileID: 0}
  m_hasFontAssetChanged: 0
  m_subTextObjects:
  - {fileID: 0}
  - {fileID: 0}
  - {fileID: 0}
  - {fileID: 0}
  - {fileID: 0}
  - {fileID: 0}
  - {fileID: 0}
  - {fileID: 0}
  m_baseMaterial: {fileID: 0}
  m_maskOffset: {x: 0, y: 0, z: 0, w: 0}
--- !u!1001 &9197597780247135853
PrefabInstance:
  m_ObjectHideFlags: 0
  serializedVersion: 2
  m_Modification:
    m_TransformParent: {fileID: 9197597779775363759}
    m_Modifications:
    - target: {fileID: 377652258685758181, guid: 95296c99ad7a4c348be0d2541b313dc3,
        type: 3}
      propertyPath: m_LocalPosition.x
      value: 0
      objectReference: {fileID: 0}
    - target: {fileID: 377652258685758181, guid: 95296c99ad7a4c348be0d2541b313dc3,
        type: 3}
      propertyPath: m_LocalPosition.y
      value: 0
      objectReference: {fileID: 0}
    - target: {fileID: 377652258685758181, guid: 95296c99ad7a4c348be0d2541b313dc3,
        type: 3}
      propertyPath: m_LocalPosition.z
      value: 0
      objectReference: {fileID: 0}
    - target: {fileID: 377652258685758181, guid: 95296c99ad7a4c348be0d2541b313dc3,
        type: 3}
      propertyPath: m_LocalRotation.x
      value: 0
      objectReference: {fileID: 0}
    - target: {fileID: 377652258685758181, guid: 95296c99ad7a4c348be0d2541b313dc3,
        type: 3}
      propertyPath: m_LocalRotation.y
      value: 0
      objectReference: {fileID: 0}
    - target: {fileID: 377652258685758181, guid: 95296c99ad7a4c348be0d2541b313dc3,
        type: 3}
      propertyPath: m_LocalRotation.z
      value: 0
      objectReference: {fileID: 0}
    - target: {fileID: 377652258685758181, guid: 95296c99ad7a4c348be0d2541b313dc3,
        type: 3}
      propertyPath: m_LocalRotation.w
      value: 1
      objectReference: {fileID: 0}
    - target: {fileID: 377652258685758181, guid: 95296c99ad7a4c348be0d2541b313dc3,
        type: 3}
      propertyPath: m_RootOrder
      value: 3
      objectReference: {fileID: 0}
    - target: {fileID: 377652258685758181, guid: 95296c99ad7a4c348be0d2541b313dc3,
        type: 3}
      propertyPath: m_LocalEulerAnglesHint.x
      value: 0
      objectReference: {fileID: 0}
    - target: {fileID: 377652258685758181, guid: 95296c99ad7a4c348be0d2541b313dc3,
        type: 3}
      propertyPath: m_LocalEulerAnglesHint.y
      value: 0
      objectReference: {fileID: 0}
    - target: {fileID: 377652258685758181, guid: 95296c99ad7a4c348be0d2541b313dc3,
        type: 3}
      propertyPath: m_LocalEulerAnglesHint.z
      value: 0
      objectReference: {fileID: 0}
    - target: {fileID: 377652258685758181, guid: 95296c99ad7a4c348be0d2541b313dc3,
        type: 3}
      propertyPath: m_AnchoredPosition.x
      value: 0
      objectReference: {fileID: 0}
    - target: {fileID: 377652258685758181, guid: 95296c99ad7a4c348be0d2541b313dc3,
        type: 3}
      propertyPath: m_AnchoredPosition.y
      value: -120
      objectReference: {fileID: 0}
    - target: {fileID: 377652258685758181, guid: 95296c99ad7a4c348be0d2541b313dc3,
        type: 3}
      propertyPath: m_SizeDelta.x
      value: 360
      objectReference: {fileID: 0}
    - target: {fileID: 377652258685758181, guid: 95296c99ad7a4c348be0d2541b313dc3,
        type: 3}
      propertyPath: m_SizeDelta.y
      value: 80
      objectReference: {fileID: 0}
    - target: {fileID: 377652258685758181, guid: 95296c99ad7a4c348be0d2541b313dc3,
        type: 3}
      propertyPath: m_AnchorMin.x
      value: 0.5
      objectReference: {fileID: 0}
    - target: {fileID: 377652258685758181, guid: 95296c99ad7a4c348be0d2541b313dc3,
        type: 3}
      propertyPath: m_AnchorMin.y
      value: 0.5
      objectReference: {fileID: 0}
    - target: {fileID: 377652258685758181, guid: 95296c99ad7a4c348be0d2541b313dc3,
        type: 3}
      propertyPath: m_AnchorMax.x
      value: 0.5
      objectReference: {fileID: 0}
    - target: {fileID: 377652258685758181, guid: 95296c99ad7a4c348be0d2541b313dc3,
        type: 3}
      propertyPath: m_AnchorMax.y
      value: 0.5
      objectReference: {fileID: 0}
    - target: {fileID: 377652258685758181, guid: 95296c99ad7a4c348be0d2541b313dc3,
        type: 3}
      propertyPath: m_Pivot.x
      value: 0.5
      objectReference: {fileID: 0}
    - target: {fileID: 377652258685758181, guid: 95296c99ad7a4c348be0d2541b313dc3,
        type: 3}
      propertyPath: m_Pivot.y
      value: 0.5
      objectReference: {fileID: 0}
    - target: {fileID: 788932634204540349, guid: 95296c99ad7a4c348be0d2541b313dc3,
        type: 3}
      propertyPath: m_textInfo.characterCount
      value: 7
      objectReference: {fileID: 0}
    - target: {fileID: 788932634204540349, guid: 95296c99ad7a4c348be0d2541b313dc3,
        type: 3}
      propertyPath: m_textInfo.wordCount
      value: 1
      objectReference: {fileID: 0}
    - target: {fileID: 788932634204540349, guid: 95296c99ad7a4c348be0d2541b313dc3,
        type: 3}
      propertyPath: m_textInfo.lineCount
      value: 1
      objectReference: {fileID: 0}
    - target: {fileID: 788932634204540349, guid: 95296c99ad7a4c348be0d2541b313dc3,
        type: 3}
      propertyPath: m_textInfo.pageCount
      value: 1
      objectReference: {fileID: 0}
    - target: {fileID: 788932634204540349, guid: 95296c99ad7a4c348be0d2541b313dc3,
        type: 3}
      propertyPath: m_text
      value: Restart
      objectReference: {fileID: 0}
    - target: {fileID: 2501308453311207581, guid: 95296c99ad7a4c348be0d2541b313dc3,
        type: 3}
      propertyPath: m_OnClick.m_PersistentCalls.m_Calls.Array.size
      value: 1
      objectReference: {fileID: 0}
    - target: {fileID: 2501308453311207581, guid: 95296c99ad7a4c348be0d2541b313dc3,
        type: 3}
      propertyPath: m_OnClick.m_PersistentCalls.m_Calls.Array.data[0].m_Target
      value: 
      objectReference: {fileID: 0}
    - target: {fileID: 2501308453311207581, guid: 95296c99ad7a4c348be0d2541b313dc3,
        type: 3}
      propertyPath: m_OnClick.m_PersistentCalls.m_Calls.Array.data[0].m_MethodName
      value: ClickedRestart
      objectReference: {fileID: 0}
    - target: {fileID: 2501308453311207581, guid: 95296c99ad7a4c348be0d2541b313dc3,
        type: 3}
      propertyPath: m_OnClick.m_PersistentCalls.m_Calls.Array.data[1].m_Mode
      value: 6
      objectReference: {fileID: 0}
    - target: {fileID: 2501308453311207581, guid: 95296c99ad7a4c348be0d2541b313dc3,
        type: 3}
      propertyPath: m_OnClick.m_PersistentCalls.m_Calls.Array.data[1].m_CallState
      value: 2
      objectReference: {fileID: 0}
    - target: {fileID: 2501308453311207581, guid: 95296c99ad7a4c348be0d2541b313dc3,
        type: 3}
      propertyPath: m_OnClick.m_PersistentCalls.m_Calls.Array.data[1].m_Target
      value: 
      objectReference: {fileID: 9197597780239572182}
    - target: {fileID: 2501308453311207581, guid: 95296c99ad7a4c348be0d2541b313dc3,
        type: 3}
      propertyPath: m_OnClick.m_PersistentCalls.m_Calls.Array.data[1].m_MethodName
      value: SetActive
      objectReference: {fileID: 0}
    - target: {fileID: 2501308453311207581, guid: 95296c99ad7a4c348be0d2541b313dc3,
        type: 3}
      propertyPath: m_OnClick.m_PersistentCalls.m_Calls.Array.data[1].m_Arguments.m_ObjectArgumentAssemblyTypeName
      value: UnityEngine.Object, UnityEngine
      objectReference: {fileID: 0}
    - target: {fileID: 2501308453311207581, guid: 95296c99ad7a4c348be0d2541b313dc3,
        type: 3}
      propertyPath: m_OnClick.m_PersistentCalls.m_Calls.Array.data[0].m_Mode
      value: 1
      objectReference: {fileID: 0}
    - target: {fileID: 3802914695075266338, guid: 95296c99ad7a4c348be0d2541b313dc3,
        type: 3}
      propertyPath: m_Color.r
      value: 0.54901963
      objectReference: {fileID: 0}
    - target: {fileID: 3802914695075266338, guid: 95296c99ad7a4c348be0d2541b313dc3,
        type: 3}
      propertyPath: m_Color.g
      value: 0.18039216
      objectReference: {fileID: 0}
    - target: {fileID: 3802914695075266338, guid: 95296c99ad7a4c348be0d2541b313dc3,
        type: 3}
      propertyPath: m_Color.b
      value: 0.16862746
      objectReference: {fileID: 0}
    - target: {fileID: 8620335212071374646, guid: 95296c99ad7a4c348be0d2541b313dc3,
        type: 3}
      propertyPath: m_Name
      value: RestartButton
      objectReference: {fileID: 0}
    m_RemovedComponents: []
  m_SourcePrefab: {fileID: 100100000, guid: 95296c99ad7a4c348be0d2541b313dc3, type: 3}
--- !u!224 &8834337100160298120 stripped
RectTransform:
  m_CorrespondingSourceObject: {fileID: 377652258685758181, guid: 95296c99ad7a4c348be0d2541b313dc3,
    type: 3}
  m_PrefabInstance: {fileID: 9197597780247135853}
  m_PrefabAsset: {fileID: 0}
--- !u!1001 &9197597780909782781
PrefabInstance:
  m_ObjectHideFlags: 0
  serializedVersion: 2
  m_Modification:
    m_TransformParent: {fileID: 9197597779775363759}
    m_Modifications:
    - target: {fileID: 377652258685758181, guid: 95296c99ad7a4c348be0d2541b313dc3,
        type: 3}
      propertyPath: m_LocalPosition.x
      value: 0
      objectReference: {fileID: 0}
    - target: {fileID: 377652258685758181, guid: 95296c99ad7a4c348be0d2541b313dc3,
        type: 3}
      propertyPath: m_LocalPosition.y
      value: 0
      objectReference: {fileID: 0}
    - target: {fileID: 377652258685758181, guid: 95296c99ad7a4c348be0d2541b313dc3,
        type: 3}
      propertyPath: m_LocalPosition.z
      value: 0
      objectReference: {fileID: 0}
    - target: {fileID: 377652258685758181, guid: 95296c99ad7a4c348be0d2541b313dc3,
        type: 3}
      propertyPath: m_LocalRotation.x
      value: 0
      objectReference: {fileID: 0}
    - target: {fileID: 377652258685758181, guid: 95296c99ad7a4c348be0d2541b313dc3,
        type: 3}
      propertyPath: m_LocalRotation.y
      value: 0
      objectReference: {fileID: 0}
    - target: {fileID: 377652258685758181, guid: 95296c99ad7a4c348be0d2541b313dc3,
        type: 3}
      propertyPath: m_LocalRotation.z
      value: 0
      objectReference: {fileID: 0}
    - target: {fileID: 377652258685758181, guid: 95296c99ad7a4c348be0d2541b313dc3,
        type: 3}
      propertyPath: m_LocalRotation.w
      value: 1
      objectReference: {fileID: 0}
    - target: {fileID: 377652258685758181, guid: 95296c99ad7a4c348be0d2541b313dc3,
        type: 3}
      propertyPath: m_RootOrder
      value: 1
      objectReference: {fileID: 0}
    - target: {fileID: 377652258685758181, guid: 95296c99ad7a4c348be0d2541b313dc3,
        type: 3}
      propertyPath: m_LocalEulerAnglesHint.x
      value: 0
      objectReference: {fileID: 0}
    - target: {fileID: 377652258685758181, guid: 95296c99ad7a4c348be0d2541b313dc3,
        type: 3}
      propertyPath: m_LocalEulerAnglesHint.y
      value: 0
      objectReference: {fileID: 0}
    - target: {fileID: 377652258685758181, guid: 95296c99ad7a4c348be0d2541b313dc3,
        type: 3}
      propertyPath: m_LocalEulerAnglesHint.z
      value: 0
      objectReference: {fileID: 0}
    - target: {fileID: 377652258685758181, guid: 95296c99ad7a4c348be0d2541b313dc3,
        type: 3}
      propertyPath: m_AnchoredPosition.x
      value: 0
      objectReference: {fileID: 0}
    - target: {fileID: 377652258685758181, guid: 95296c99ad7a4c348be0d2541b313dc3,
        type: 3}
      propertyPath: m_AnchoredPosition.y
      value: 120
      objectReference: {fileID: 0}
    - target: {fileID: 377652258685758181, guid: 95296c99ad7a4c348be0d2541b313dc3,
        type: 3}
      propertyPath: m_SizeDelta.x
      value: 360
      objectReference: {fileID: 0}
    - target: {fileID: 377652258685758181, guid: 95296c99ad7a4c348be0d2541b313dc3,
        type: 3}
      propertyPath: m_SizeDelta.y
      value: 80
      objectReference: {fileID: 0}
    - target: {fileID: 377652258685758181, guid: 95296c99ad7a4c348be0d2541b313dc3,
        type: 3}
      propertyPath: m_AnchorMin.x
      value: 0.5
      objectReference: {fileID: 0}
    - target: {fileID: 377652258685758181, guid: 95296c99ad7a4c348be0d2541b313dc3,
        type: 3}
      propertyPath: m_AnchorMin.y
      value: 0.5
      objectReference: {fileID: 0}
    - target: {fileID: 377652258685758181, guid: 95296c99ad7a4c348be0d2541b313dc3,
        type: 3}
      propertyPath: m_AnchorMax.x
      value: 0.5
      objectReference: {fileID: 0}
    - target: {fileID: 377652258685758181, guid: 95296c99ad7a4c348be0d2541b313dc3,
        type: 3}
      propertyPath: m_AnchorMax.y
      value: 0.5
      objectReference: {fileID: 0}
    - target: {fileID: 377652258685758181, guid: 95296c99ad7a4c348be0d2541b313dc3,
        type: 3}
      propertyPath: m_Pivot.x
      value: 0.5
      objectReference: {fileID: 0}
    - target: {fileID: 377652258685758181, guid: 95296c99ad7a4c348be0d2541b313dc3,
        type: 3}
      propertyPath: m_Pivot.y
      value: 0.5
      objectReference: {fileID: 0}
    - target: {fileID: 788932634204540349, guid: 95296c99ad7a4c348be0d2541b313dc3,
        type: 3}
      propertyPath: m_textInfo.characterCount
      value: 4
      objectReference: {fileID: 0}
    - target: {fileID: 788932634204540349, guid: 95296c99ad7a4c348be0d2541b313dc3,
        type: 3}
      propertyPath: m_textInfo.wordCount
      value: 1
      objectReference: {fileID: 0}
    - target: {fileID: 788932634204540349, guid: 95296c99ad7a4c348be0d2541b313dc3,
        type: 3}
      propertyPath: m_textInfo.lineCount
      value: 1
      objectReference: {fileID: 0}
    - target: {fileID: 788932634204540349, guid: 95296c99ad7a4c348be0d2541b313dc3,
        type: 3}
      propertyPath: m_textInfo.pageCount
      value: 1
      objectReference: {fileID: 0}
    - target: {fileID: 788932634204540349, guid: 95296c99ad7a4c348be0d2541b313dc3,
        type: 3}
      propertyPath: m_text
      value: Save
      objectReference: {fileID: 0}
    - target: {fileID: 788932634204540349, guid: 95296c99ad7a4c348be0d2541b313dc3,
        type: 3}
      propertyPath: m_textInfo.spaceCount
      value: 0
      objectReference: {fileID: 0}
    - target: {fileID: 929326097975240828, guid: 95296c99ad7a4c348be0d2541b313dc3,
        type: 3}
      propertyPath: m_Name
      value: ButtonSaveGame
      objectReference: {fileID: 0}
    - target: {fileID: 2501308453311207581, guid: 95296c99ad7a4c348be0d2541b313dc3,
        type: 3}
      propertyPath: m_OnClick.m_PersistentCalls.m_Calls.Array.size
      value: 1
      objectReference: {fileID: 0}
    - target: {fileID: 2501308453311207581, guid: 95296c99ad7a4c348be0d2541b313dc3,
        type: 3}
      propertyPath: m_OnClick.m_PersistentCalls.m_Calls.Array.data[1].m_Mode
      value: 6
      objectReference: {fileID: 0}
    - target: {fileID: 2501308453311207581, guid: 95296c99ad7a4c348be0d2541b313dc3,
        type: 3}
      propertyPath: m_OnClick.m_PersistentCalls.m_Calls.Array.data[1].m_CallState
      value: 2
      objectReference: {fileID: 0}
    - target: {fileID: 2501308453311207581, guid: 95296c99ad7a4c348be0d2541b313dc3,
        type: 3}
      propertyPath: m_OnClick.m_PersistentCalls.m_Calls.Array.data[0].m_Target
      value: 
      objectReference: {fileID: 0}
    - target: {fileID: 2501308453311207581, guid: 95296c99ad7a4c348be0d2541b313dc3,
        type: 3}
      propertyPath: m_OnClick.m_PersistentCalls.m_Calls.Array.data[0].m_MethodName
      value: ClickedSaveGame
      objectReference: {fileID: 0}
    - target: {fileID: 2501308453311207581, guid: 95296c99ad7a4c348be0d2541b313dc3,
        type: 3}
      propertyPath: m_OnClick.m_PersistentCalls.m_Calls.Array.data[0].m_Mode
      value: 1
      objectReference: {fileID: 0}
    - target: {fileID: 2501308453311207581, guid: 95296c99ad7a4c348be0d2541b313dc3,
        type: 3}
      propertyPath: m_OnClick.m_PersistentCalls.m_Calls.Array.data[1].m_Target
      value: 
      objectReference: {fileID: 9197597780239572182}
    - target: {fileID: 2501308453311207581, guid: 95296c99ad7a4c348be0d2541b313dc3,
        type: 3}
      propertyPath: m_OnClick.m_PersistentCalls.m_Calls.Array.data[1].m_MethodName
      value: SetActive
      objectReference: {fileID: 0}
    - target: {fileID: 2501308453311207581, guid: 95296c99ad7a4c348be0d2541b313dc3,
        type: 3}
      propertyPath: m_OnClick.m_PersistentCalls.m_Calls.Array.data[1].m_Arguments.m_ObjectArgumentAssemblyTypeName
      value: UnityEngine.Object, UnityEngine
      objectReference: {fileID: 0}
    - target: {fileID: 2501308453311207581, guid: 95296c99ad7a4c348be0d2541b313dc3,
        type: 3}
      propertyPath: m_OnClick.m_PersistentCalls.m_Calls.Array.data[1].m_Arguments.m_BoolArgument
      value: 0
      objectReference: {fileID: 0}
    - target: {fileID: 2501308453311207581, guid: 95296c99ad7a4c348be0d2541b313dc3,
        type: 3}
      propertyPath: m_Interactable
      value: 1
      objectReference: {fileID: 0}
    - target: {fileID: 3802914695075266338, guid: 95296c99ad7a4c348be0d2541b313dc3,
        type: 3}
      propertyPath: m_Color.r
      value: 0.9339623
      objectReference: {fileID: 0}
    - target: {fileID: 3802914695075266338, guid: 95296c99ad7a4c348be0d2541b313dc3,
        type: 3}
      propertyPath: m_Color.g
      value: 0.93162715
      objectReference: {fileID: 0}
    - target: {fileID: 3802914695075266338, guid: 95296c99ad7a4c348be0d2541b313dc3,
        type: 3}
      propertyPath: m_Color.b
      value: 0.7092827
      objectReference: {fileID: 0}
    - target: {fileID: 8620335212071374646, guid: 95296c99ad7a4c348be0d2541b313dc3,
        type: 3}
      propertyPath: m_Name
      value: SaveGame
      objectReference: {fileID: 0}
    m_RemovedComponents: []
  m_SourcePrefab: {fileID: 100100000, guid: 95296c99ad7a4c348be0d2541b313dc3, type: 3}
--- !u!224 &8834337099229092888 stripped
RectTransform:
  m_CorrespondingSourceObject: {fileID: 377652258685758181, guid: 95296c99ad7a4c348be0d2541b313dc3,
    type: 3}
  m_PrefabInstance: {fileID: 9197597780909782781}
  m_PrefabAsset: {fileID: 0}
--- !u!1001 &9197597781269482077
PrefabInstance:
  m_ObjectHideFlags: 0
  serializedVersion: 2
  m_Modification:
    m_TransformParent: {fileID: 9197597779775363759}
    m_Modifications:
    - target: {fileID: 377652258685758181, guid: 95296c99ad7a4c348be0d2541b313dc3,
        type: 3}
      propertyPath: m_LocalPosition.x
      value: 0
      objectReference: {fileID: 0}
    - target: {fileID: 377652258685758181, guid: 95296c99ad7a4c348be0d2541b313dc3,
        type: 3}
      propertyPath: m_LocalPosition.y
      value: 0
      objectReference: {fileID: 0}
    - target: {fileID: 377652258685758181, guid: 95296c99ad7a4c348be0d2541b313dc3,
        type: 3}
      propertyPath: m_LocalPosition.z
      value: 0
      objectReference: {fileID: 0}
    - target: {fileID: 377652258685758181, guid: 95296c99ad7a4c348be0d2541b313dc3,
        type: 3}
      propertyPath: m_LocalRotation.x
      value: 0
      objectReference: {fileID: 0}
    - target: {fileID: 377652258685758181, guid: 95296c99ad7a4c348be0d2541b313dc3,
        type: 3}
      propertyPath: m_LocalRotation.y
      value: 0
      objectReference: {fileID: 0}
    - target: {fileID: 377652258685758181, guid: 95296c99ad7a4c348be0d2541b313dc3,
        type: 3}
      propertyPath: m_LocalRotation.z
      value: 0
      objectReference: {fileID: 0}
    - target: {fileID: 377652258685758181, guid: 95296c99ad7a4c348be0d2541b313dc3,
        type: 3}
      propertyPath: m_LocalRotation.w
      value: 1
      objectReference: {fileID: 0}
    - target: {fileID: 377652258685758181, guid: 95296c99ad7a4c348be0d2541b313dc3,
        type: 3}
      propertyPath: m_RootOrder
      value: 2
      objectReference: {fileID: 0}
    - target: {fileID: 377652258685758181, guid: 95296c99ad7a4c348be0d2541b313dc3,
        type: 3}
      propertyPath: m_LocalEulerAnglesHint.x
      value: 0
      objectReference: {fileID: 0}
    - target: {fileID: 377652258685758181, guid: 95296c99ad7a4c348be0d2541b313dc3,
        type: 3}
      propertyPath: m_LocalEulerAnglesHint.y
      value: 0
      objectReference: {fileID: 0}
    - target: {fileID: 377652258685758181, guid: 95296c99ad7a4c348be0d2541b313dc3,
        type: 3}
      propertyPath: m_LocalEulerAnglesHint.z
      value: 0
      objectReference: {fileID: 0}
    - target: {fileID: 377652258685758181, guid: 95296c99ad7a4c348be0d2541b313dc3,
        type: 3}
      propertyPath: m_AnchoredPosition.x
      value: 0
      objectReference: {fileID: 0}
    - target: {fileID: 377652258685758181, guid: 95296c99ad7a4c348be0d2541b313dc3,
        type: 3}
      propertyPath: m_AnchoredPosition.y
      value: 0
      objectReference: {fileID: 0}
    - target: {fileID: 377652258685758181, guid: 95296c99ad7a4c348be0d2541b313dc3,
        type: 3}
      propertyPath: m_SizeDelta.x
      value: 360
      objectReference: {fileID: 0}
    - target: {fileID: 377652258685758181, guid: 95296c99ad7a4c348be0d2541b313dc3,
        type: 3}
      propertyPath: m_SizeDelta.y
      value: 80
      objectReference: {fileID: 0}
    - target: {fileID: 377652258685758181, guid: 95296c99ad7a4c348be0d2541b313dc3,
        type: 3}
      propertyPath: m_AnchorMin.x
      value: 0.5
      objectReference: {fileID: 0}
    - target: {fileID: 377652258685758181, guid: 95296c99ad7a4c348be0d2541b313dc3,
        type: 3}
      propertyPath: m_AnchorMin.y
      value: 0.5
      objectReference: {fileID: 0}
    - target: {fileID: 377652258685758181, guid: 95296c99ad7a4c348be0d2541b313dc3,
        type: 3}
      propertyPath: m_AnchorMax.x
      value: 0.5
      objectReference: {fileID: 0}
    - target: {fileID: 377652258685758181, guid: 95296c99ad7a4c348be0d2541b313dc3,
        type: 3}
      propertyPath: m_AnchorMax.y
      value: 0.5
      objectReference: {fileID: 0}
    - target: {fileID: 377652258685758181, guid: 95296c99ad7a4c348be0d2541b313dc3,
        type: 3}
      propertyPath: m_Pivot.x
      value: 0.5
      objectReference: {fileID: 0}
    - target: {fileID: 377652258685758181, guid: 95296c99ad7a4c348be0d2541b313dc3,
        type: 3}
      propertyPath: m_Pivot.y
      value: 0.5
      objectReference: {fileID: 0}
    - target: {fileID: 788932634204540349, guid: 95296c99ad7a4c348be0d2541b313dc3,
        type: 3}
      propertyPath: m_textInfo.characterCount
      value: 8
      objectReference: {fileID: 0}
    - target: {fileID: 788932634204540349, guid: 95296c99ad7a4c348be0d2541b313dc3,
        type: 3}
      propertyPath: m_textInfo.wordCount
      value: 1
      objectReference: {fileID: 0}
    - target: {fileID: 788932634204540349, guid: 95296c99ad7a4c348be0d2541b313dc3,
        type: 3}
      propertyPath: m_textInfo.lineCount
      value: 1
      objectReference: {fileID: 0}
    - target: {fileID: 788932634204540349, guid: 95296c99ad7a4c348be0d2541b313dc3,
        type: 3}
      propertyPath: m_textInfo.pageCount
      value: 1
      objectReference: {fileID: 0}
    - target: {fileID: 788932634204540349, guid: 95296c99ad7a4c348be0d2541b313dc3,
        type: 3}
      propertyPath: m_text
      value: Continue
      objectReference: {fileID: 0}
    - target: {fileID: 2501308453311207581, guid: 95296c99ad7a4c348be0d2541b313dc3,
        type: 3}
      propertyPath: m_OnClick.m_PersistentCalls.m_Calls.Array.size
      value: 1
      objectReference: {fileID: 0}
    - target: {fileID: 2501308453311207581, guid: 95296c99ad7a4c348be0d2541b313dc3,
        type: 3}
      propertyPath: m_OnClick.m_PersistentCalls.m_Calls.Array.data[1].m_Mode
      value: 6
      objectReference: {fileID: 0}
    - target: {fileID: 2501308453311207581, guid: 95296c99ad7a4c348be0d2541b313dc3,
        type: 3}
      propertyPath: m_OnClick.m_PersistentCalls.m_Calls.Array.data[1].m_CallState
      value: 2
      objectReference: {fileID: 0}
    - target: {fileID: 2501308453311207581, guid: 95296c99ad7a4c348be0d2541b313dc3,
        type: 3}
      propertyPath: m_OnClick.m_PersistentCalls.m_Calls.Array.data[0].m_Target
      value: 
      objectReference: {fileID: 0}
    - target: {fileID: 2501308453311207581, guid: 95296c99ad7a4c348be0d2541b313dc3,
        type: 3}
      propertyPath: m_OnClick.m_PersistentCalls.m_Calls.Array.data[0].m_MethodName
      value: ClickedContinue
      objectReference: {fileID: 0}
    - target: {fileID: 2501308453311207581, guid: 95296c99ad7a4c348be0d2541b313dc3,
        type: 3}
      propertyPath: m_OnClick.m_PersistentCalls.m_Calls.Array.data[0].m_Mode
      value: 1
      objectReference: {fileID: 0}
    - target: {fileID: 2501308453311207581, guid: 95296c99ad7a4c348be0d2541b313dc3,
        type: 3}
      propertyPath: m_OnClick.m_PersistentCalls.m_Calls.Array.data[1].m_Target
      value: 
      objectReference: {fileID: 9197597780239572182}
    - target: {fileID: 2501308453311207581, guid: 95296c99ad7a4c348be0d2541b313dc3,
        type: 3}
      propertyPath: m_OnClick.m_PersistentCalls.m_Calls.Array.data[1].m_MethodName
      value: SetActive
      objectReference: {fileID: 0}
    - target: {fileID: 2501308453311207581, guid: 95296c99ad7a4c348be0d2541b313dc3,
        type: 3}
      propertyPath: m_OnClick.m_PersistentCalls.m_Calls.Array.data[1].m_Arguments.m_ObjectArgumentAssemblyTypeName
      value: UnityEngine.Object, UnityEngine
      objectReference: {fileID: 0}
    - target: {fileID: 2501308453311207581, guid: 95296c99ad7a4c348be0d2541b313dc3,
        type: 3}
      propertyPath: m_OnClick.m_PersistentCalls.m_Calls.Array.data[1].m_Arguments.m_BoolArgument
      value: 1
      objectReference: {fileID: 0}
    - target: {fileID: 2501308453311207581, guid: 95296c99ad7a4c348be0d2541b313dc3,
        type: 3}
      propertyPath: m_OnClick.m_PersistentCalls.m_Calls.Array.data[0].m_Arguments.m_BoolArgument
      value: 0
      objectReference: {fileID: 0}
    - target: {fileID: 2501308453311207581, guid: 95296c99ad7a4c348be0d2541b313dc3,
        type: 3}
      propertyPath: m_OnClick.m_PersistentCalls.m_Calls.Array.data[0].m_Arguments.m_ObjectArgumentAssemblyTypeName
      value: UnityEngine.Object, UnityEngine
      objectReference: {fileID: 0}
    - target: {fileID: 3802914695075266338, guid: 95296c99ad7a4c348be0d2541b313dc3,
        type: 3}
      propertyPath: m_Color.r
      value: 0.17254902
      objectReference: {fileID: 0}
    - target: {fileID: 3802914695075266338, guid: 95296c99ad7a4c348be0d2541b313dc3,
        type: 3}
      propertyPath: m_Color.g
      value: 0.54901963
      objectReference: {fileID: 0}
    - target: {fileID: 3802914695075266338, guid: 95296c99ad7a4c348be0d2541b313dc3,
        type: 3}
      propertyPath: m_Color.b
      value: 0.16862746
      objectReference: {fileID: 0}
    - target: {fileID: 8620335212071374646, guid: 95296c99ad7a4c348be0d2541b313dc3,
        type: 3}
      propertyPath: m_Name
      value: ContinueButton
      objectReference: {fileID: 0}
    m_RemovedComponents: []
  m_SourcePrefab: {fileID: 100100000, guid: 95296c99ad7a4c348be0d2541b313dc3, type: 3}
--- !u!224 &8834337099150500024 stripped
RectTransform:
  m_CorrespondingSourceObject: {fileID: 377652258685758181, guid: 95296c99ad7a4c348be0d2541b313dc3,
    type: 3}
  m_PrefabInstance: {fileID: 9197597781269482077}
  m_PrefabAsset: {fileID: 0}
